<record><leader>00000cas a22000007a 4500</leader><controlfield tag="001">12737343</controlfield><controlfield tag="008">851030d18521855iauir ne      0    0eng d</controlfield><datafield ind1=" " ind2=" " tag="010"><subfield code="a">sn 85049817 </subfield></datafield><datafield ind1=" " ind2=" " tag="040"><subfield code="a">INP</subfield><subfield code="b">eng</subfield><subfield code="c">INP</subfield><subfield code="d">OCLCQ</subfield></datafield><datafield ind1=" " ind2=" " tag="042"><subfield code="a">msc</subfield></datafield><datafield ind1="0" ind2="0" tag="245"><subfield code="a">Burlington tri-weekly hawk-eye.</subfield></datafield><datafield ind1="3" ind2="0" tag="246"><subfield code="a">Tri-weekly hawk-eye</subfield></datafield><datafield ind1=" " ind2=" " tag="260"><subfield code="a">Burlington [Iowa] :</subfield><subfield code="b">John Pierson, Sr.,</subfield><subfield code="c">-1855.</subfield></datafield><datafield ind1=" " ind2=" " tag="300"><subfield code="a">v.</subfield></datafield><datafield ind1=" " ind2=" " tag="310"><subfield code="a">Triweekly</subfield></datafield><datafield ind1="0" ind2=" " tag="362"><subfield code="a">-3rd year, v. 1, no. 98 (June 25, 1855).</subfield></datafield><datafield ind1="1" ind2=" " tag="362"><subfield code="a">Began in 1852?</subfield><subfield code="z">Cf. Bibl. of Iowa newspapers.</subfield></datafield><datafield ind1=" " ind2=" " tag="500"><subfield code="a">"A country governed inflexibly by right, is insured against destruction. Its policy can never run out--its underwriter can never fail," &lt;Sept. 19, 1854&gt;-Nov. 7, 1854.</subfield></datafield><datafield ind1=" " ind2=" " tag="500"><subfield code="a">"A Whig journal of politics, news, markets, &amp;c." Nov. 14, 1854-May 4, 1855.</subfield></datafield><datafield ind1=" " ind2=" " tag="500"><subfield code="a">Publishers: John Pierson, Sr., &lt;Sept 19, 1854&gt;-Nov. 7, 1854; Dunham &amp; Brown, Nov. 14, 1854-June 25, 1855.</subfield></datafield><datafield ind1=" " ind2=" " tag="500"><subfield code="a">Editor: Johnson Pierson, &lt;Sept. 19, 1854&gt;-Nov. 7, 1854.</subfield></datafield><datafield ind1=" " ind2=" " tag="515"><subfield code="a">Volume numbering begins anew each year.</subfield></datafield><datafield ind1=" " ind2=" " tag="580"><subfield code="a">Merged with: Burlington daily telegraph, to form: Daily hawk-eye &amp; telegraph, and with: Burlington weekly telegraph, to form: Weekly hawk-eye and telegraph.</subfield></datafield><datafield ind1=" " ind2=" " tag="588"><subfield code="a">Description based on: Vol. 1, no. 129 (Sept. 19, 1854).</subfield></datafield><datafield ind1=" " ind2=" " tag="752"><subfield code="a">United States</subfield><subfield code="b">Iowa</subfield><subfield code="c">Des Moines</subfield><subfield code="d">Burlington.</subfield></datafield><datafield ind1="1" ind2=" " tag="775"><subfield code="t">Burlington daily hawk-eye (Burlington, Iowa : 1852)</subfield><subfield code="w">(DLC)sn 86061170</subfield></datafield><datafield ind1="0" ind2="0" tag="780"><subfield code="t">Burlington hawk-eye (Burlington, Iowa : 1845)</subfield><subfield code="w">(DLC)sn 82014327</subfield></datafield><datafield ind1="1" ind2="7" tag="785"><subfield code="t">Burlington daily telegraph</subfield><subfield code="w">(DLC)sn 86060020</subfield></datafield><datafield ind1="1" ind2="7" tag="785"><subfield code="t">Daily hawk-eye &amp; telegraph</subfield><subfield code="w">(DLC)sn 85049901</subfield></datafield><datafield ind1="1" ind2="7" tag="785"><subfield code="t">Burlington weekly telegraph</subfield><subfield code="w">(DLC)sn 86061169</subfield></datafield><datafield ind1="1" ind2="7" tag="785"><subfield code="t">Weekly hawk-eye and telegraph</subfield><subfield code="w">(DLC)sn 84037930</subfield></datafield><datafield ind1="1" ind2=" " tag="029"><subfield code="a">AU@</subfield><subfield code="b">000023563333</subfield></datafield></record>